@online{fountainhouse,
  author = {{Fountain House København}},
  title    = {\enquote{Om Fountain House København}},
  url      = {https://fountainhousecph.dk/om-fountain-house/},
  urldate  = {2024-02-29},
  date     = {}
}

@book{hawking1988,
  author    = {Stephen Hawking},
  title     = {A Brief History of Time},
  subtitle  = {From the Big Bang to Black Holes},
  date      = {1988-05},
  publisher = {Bantam}
}

@book{parenti2021,
  author    = {Michael Parenti},
  title     = {Against Empire},
  date      = {1995-05},
  publisher = {City Lights}
}
